% Archivo: referencias.bib
% Formato BibTeX IEEE modificado

@misc{rodriguez2021,
  author = {Silvia Rodriguez},
  title = {Trabajo Fin de Grado en Matemáticas},
  year = {2021},
  howpublished = {Universidad Autónoma de Madrid},
  note = {Disponible: \url{https://matematicas.uam.es/~fernando.chamizo/supervision/TFG/past/memoirs/TFG_silvia_rodriguez.pdf}}
}

@misc{claramunt2021,
  author = {Sergio Claramunt-Carriles},
  title = {Estudio de la computación cuántica en los diferentes ámbitos de la seguridad informática},
  year = {2021},
  howpublished = {Universidad de Alicante},
  note = {Disponible: \url{https://rua.ua.es/dspace/bitstream/10045/124691/1/Estudio_de_la_computacion_cuantica_en_los_different_Claramunt_Carriles_Sergio.pdf}}
}

@misc{marin2021,
  author = {Diego Marín-Muñoz},
  title = {Aplicaciones del oscilador armónico cuántico y átomo de hidrógeno},
  year = {2021},
  howpublished = {Universidad de Murcia},
  note = {Disponible: \url{https://webs.um.es/gustavo.garrigos/tfg/MarinMunoz_Diego_TFG_julio2021.pdf}}
}

@misc{pablo2018,
  author = {Pablo [Apellido no especificado]},
  title = {Algoritmo de Grover y otros algoritmos cuánticos},
  year = {2018},
  howpublished = {Universidad de Cádiz},
  note = {Disponible: \url{https://rodin.uca.es/bitstream/handle/10498/27218/tfg_pablo.pdf}}
}

@misc{autor2020a,
  title = {Interpretación probabilística de la función de onda},
  year = {2020},
  howpublished = {Benemérita Universidad Autónoma de Puebla},
  note = {Disponible: \url{https://repositorioinstitucional.buap.mx/server/api/core/bitstreams/fb9bfe95-7945-404d-a3c5-00ba77b8ad71/content}}
}

@misc{sanchez2020,
  author = {Luis Sánchez},
  title = {Introducción al átomo de hidrógeno en mecánica cuántica},
  year = {2020},
  howpublished = {Universidad Autónoma de Madrid},
  note = {Disponible: \url{https://matematicas.uam.es/~fernando.chamizo/supervision/TFG/past/memoirs/TFG_luis_sanchez.pdf}}
}

@misc{autor2019,
  title = {Espacios de Hilbert en mecánica cuántica},
  year = {2019},
  howpublished = {Universidad de Sevilla},
  note = {Disponible: \url{https://idus.us.es/server/api/core/bitstreams/4c49766a-cdfc-4d72-9acf-f62761db63fb/content}}
}

@misc{mielgo2021,
  author = {Claudia Mielgo},
  title = {Sistemas cuánticos como espacios de Hilbert},
  year = {2021},
  howpublished = {Universidad Autónoma de Madrid},
  note = {Disponible: \url{https://matematicas.uam.es/~fernando.chamizo/supervision/TFG/past/memoirs/TFG_claudia_mielgo.pdf}}
}

@misc{villasana2020,
  author = {María del Mar Villasana-Alcaraz},
  title = {Álgebra lineal aplicada a criptografía cuántica},
  year = {2020},
  howpublished = {Universidad de Almería},
  note = {Disponible: \url{https://repositorio.ual.es/bitstream/handle/10835/9810/VILLASANA%20ALCARAZ%2C%20MARIA%20DEL%20MAR.pdf}}
}

@misc{gonzalez2018,
  author = {Roberto González-Rivas},
  title = {Sistema binario e introducción a los qubits},
  year = {2018},
  howpublished = {Universidad Politécnica de Madrid},
  note = {Disponible: \url{https://oa.upm.es/69234/1/TFG_ROBERTO_GONZALEZ_RIVAS.pdf}}
}

@misc{autor2018,
  title = {¿Por qué un ordenador cuántico?},
  year = {2018},
  howpublished = {Universidad de Zaragoza},
  note = {Disponible: \url{https://zaguan.unizar.es/record/76803/files/TAZ-TFG-2018-3072.pdf}}
}

@misc{fisica2022,
  title = {Radiación del cuerpo negro},
  year = {2022},
  howpublished = {Física Cuántica},
  note = {Disponible: \url{https://www.fisicacuantica.es/la-radiacion-del-cuerpo-negro/}}
}

@misc{weblab2013,
  title = {Distribución de energía en radiación de cuerpo negro},
  year = {2013},
  howpublished = {WebLab Deusto},
  note = {Disponible: \url{https://weblab.deusto.es/olarex/cd/kaernten/BBR_ES_new_27.09.2013/distribucin_de_la_energa.html}}
}

@misc{quimica2022a,
  title = {Teoría cuántica de la radiación},
  year = {2022},
  howpublished = {Química Física},
  note = {Disponible: \url{https://www.quimicafisica.com/teoria-cuantica/la-radiacion-del-cuerpo-negro.html}}
}

@misc{khan2023,
  title = {Efecto fotoeléctrico},
  year = {2023},
  howpublished = {Khan Academy},
  note = {Disponible: \url{https://es.khanacademy.org/science/ap-chemistry/electronic-structure-of-atoms-ap/bohr-model-hydrogen-ap/a/photoelectric-effect}}
}

@misc{quimica2022b,
  title = {El efecto fotoeléctrico},
  year = {2022},
  howpublished = {Química Física},
  note = {Disponible: \url{https://www.quimicafisica.com/teoria-cuantica/el-efecto-fotoelectrico.html}}
}

@misc{fisicalab2023,
  title = {Experimento de la doble rendija},
  year = {2023},
  howpublished = {FísicaLab},
  note = {Disponible: \url{https://www.fisicalab.com/apartado/cantidad-movimiento#google_vignette}}
}

@misc{dciencia2021,
  title = {El experimento de la doble rendija},
  year = {2021},
  howpublished = {DCIencia},
  note = {Disponible: \url{https://www.dciencia.es/fisica-cuantica-el-experimento-de-la-doble-rendija/}}
}

@misc{mecanicos2022,
  title = {Max Born y la mecánica cuántica},
  year = {2022},
  howpublished = {Mecánicos Valencia},
  note = {Disponible: \url{https://mecanicosvalencia.es/max-born-mecanica-cuantica/}}
}

@misc{autor2020b,
  title = {Espacios de Hilbert en física cuántica},
  year = {2020},
  howpublished = {Universidad de Valladolid},
  note = {Disponible: \url{https://uvadoc.uva.es/bitstream/handle/10324/57982/TFG-G5986.pdf?sequence=1}}
}

@misc{juarez2021,
  author = {Joel Armando Juárez},
  title = {Introducción a los espacios de Hilbert},
  year = {2021},
  howpublished = {Universidad de San Carlos de Guatemala},
  note = {Disponible: \url{https://ecfm.usac.edu.gt/sites/default/files/2021-06/Joel%20Armando%20Ju%C3%A1rez.pdf}}
}

@misc{microsoft2023,
  title = {Microsoft presenta Majorana 1},
  year = {2023},
  howpublished = {Microsoft News},
  note = {Disponible: \url{https://news.microsoft.com/source/latam/noticias-de-microsoft/microsoft-presenta-majorana-1-el-primer-procesador-cuantico-del-mundo-impulsado-por-qubits-topologicos/}}
}

@misc{autor2021,
  title = {Postulados de la mecánica cuántica},
  year = {2021},
  howpublished = {Universidad de Valladolid},
  note = {Disponible: \url{https://uvadoc.uva.es/bitstream/handle/10324/70993/TFG-G6793.pdf}}
}

@misc{autor2020c,
  title = {Espacios L² en mecánica cuántica},
  year = {2020},
  howpublished = {Universidad de Sevilla},
  note = {Disponible: \url{https://idus.us.es/server/api/core/bitstreams/e6e34b3a-fc74-4043-98ae-8244902b96e4/content}}
}